2174 3100
530 55 1370 120 ‘S.·E1³1·1³1-1A·N11.
1680 74 1745 124 19

450 204 1481 270 INTERPRETATio.

341 369 390 423 V
418 359 1040 438 igiturspiritualishomo
1060 395 1075 421 ,
1104 374 1207 410 tres
1239 356 1394 409 habes
1426 355 1752 409 restauratio-

344 460 451 499 neS,
468 436 774 509 baptismum
793 433 982 487 scilicet
998 434 1421 504 incorruptioniS,
1437 430 1615 495 filialis
1634 431 1755 482 ado-

182 519 374 590 ptionis
392 515 608 587 gratiam
623 549 636 570 ,
671 528 828 583 atque
846 510 1209 581 poenitentiam
1234 547 1245 559 .
1273 505 1306 558 si
1326 507 1535 578 quando
1555 504 1753 575 serpen-

184 608 286 645 tem
306 589 434 641 idest
450 605 720 660 peccatum
751 591 883 636 intra
901 582 1070 635 cordis
1086 579 1304 634 recessus
1324 579 1718 653 deprehenderis
1733 615 1749 636 ‚

185 665 249 723 ad
274 664 446 717 fontes
471 680 752 733 aquarum,
787 659 886 710 hoc
907 657 975 710 est
1003 656 1067 708 ad
1092 655 1453 726 scripturarum
1484 654 1753 725 scaturigi-

186 757 274 792 nes
304 739 465 790 statim
495 735 743 808 confuge;
777 731 996 785 sanctam
1028 729 1506 802 videlicet'gratiam
1537 731 1757 803 (quem-

185 813 464 867 admodum
486 810 750 882 Prophetae
779 804 1221 879 interpretantur)
1254 803 1428 858 hauri:
1453 824 1570 858 nam
1598 801 1628 855 fi
1649 821 1758 874 poe-

189 890 461 940 nitentiam
478 889 642 959 egeris
660 922 676 946 ,
705 885 767 941 ab
784 899 844 935 ea
862 884 1048 936 iterum
1075 877 1247 933 deleto
1264 883 1473 955 penitus
1507 895 1753 953 peccato,

185 961 499 1036 reparaberis
513 1000 526 1014 .

632 1208 1380 1276 NOTAE.-

190 1403 241 1459 Υ
287 1393 326 1458 b
560 1401 568 1412 ·
717 1374 930 1422 Albertus
955 1378 1173 1422 incertum
1193 1373 1274 1421 effe
1299 1371 1450 1421 scribit
1471 1387 1581 1436 quot
1612 1390 1760 1421 ramos

243 1424 289 1459 ν’
333 1422 396 1458 us
426 1419 595 1459 '‘mm“
615 1445 628 1457 ⁶
642 1403 679 1474 )
725 1442 832 1502 (ipse
847 1440 1017 1486 culmos
1031 1439 1245 1502 appellat)
1261 1444 1488 1484 ceruinum
1505 1455 1644 1485 cornu
1662 1456 1762 1502 pro·
1805 1462 1809 1465 ·

189 1503 339 1551 ducat:
356 1503 426 1549 sed
442 1503 708 1555 Aristoteles,
721 1507 871 1552 Bimis,
889 1508 1051 1564 inquit,
1062 1520 1226 1550 cornua
1239 1506 1432 1567 primuni
1447 1506 1648 1549 oriuntur
1663 1503 1759 1549 fim-

193 1568 322 1634 plicia
338 1570 381 1614 δ’,
395 1567 511 1612 reeta
527 1567 580 1612 ad
595 1565 846 1612 subularum
865 1565 1509 1630 fimilitudinem.quamobrem
1528 1565 1762 1615 subulones

191 1631 327 1697 perid
345 1633 557 1693 temporis
573 1646 647 1677 eos
667 1646 825 1679 vocant
847 1650 858 1676 :
888 1635 1028 1678 trimis
1040 1630 1176 1678 bifida
1204 1632 1639 1695 exeunt,quadtirnis
1656 1631 1746 1679 trifi

189 1698 358 1760 da3atq3
375 1696 579 1759 deinceps
607 1695 662 1743 ad
690 1695 808 1743 hunc
822 1695 1008 1743 modum
1036 1697 1461 1761 proceditnumerus
1478 1695 1675 1759 vsquead
1689 1715 1762 1745 an·

192 1778 300 1808 num
319 1762 484 1808 sextum
497 1793 509 1806 .
523 1760 580 1808 ab
595 1761 681 1808 hoc
705 1759 860 1810 fimilia
889 1761 1057 1826 semper
1071 1763 1368 1826 prodeunt,1'ta
1378 1778 1424 1808 vt
1438 1779 1529 1808 non
1544 1761 1595 1808 fit
1608 1763 1764 1826 digno·

196 1826 310 1873 scere
325 1841 493 1874 aetatem
514 1843 739 1873 ramorum
754 1844 943 1872 numero
957 1860 967 1871 .
1000 1831 1052 1872 vEt
1067 1828 1244 1875 Solinus
1258 1849 1272 1884 3
1300 1843 1382 1890 pro
1396 1840 1521 1873 aetate
1532 1843 1679 1874 ramos
1693 1845 1769 1875 au·

226 1906 310 1938 ent.-
325 1892 705 1938 idincrementum
725 1908 801 1955 per
816 1890 883 1937 sex
902 1907 1040 1938 annos
1055 1890 1320 1954 perseuerat.
1350 1891 1539 1954 denique
1558 1908 1764 1938 numero-

193 1909 307 2002 {ora
321 1973 411 2002 non
428 1954 602 2020 poffunt
622 1955 703 2004 effe
716 1972 878 2003 cornua
892 1987 905 2008 ‚
932 1956 1111 2020 polsunt
1128 1955 1353 2006 craffiora:
1373 1959 1443 2004 cui
1467 1960 1674 2022 opinioni
1697 1956 1762 2004 fa·

203 2035 274 2084 tier
289 2023 333 2066 δε
347 2021 513 2067 Plinius
526 2019 632 2069 lib-8
643 2054 654 2068 .
670 2038 762 2086 cap.
774 2039 798 2070 2
809 2038 850 2068 2.

191 2120 230 2174 S
425 2114 432 2123 ·
541 2112 553 2132 l
568 2143 595 2153 ‘r
728 2138 741 2149 .
962 2087 1321 2152 Frequentiffima
1357 2089 1416 2136 est
1433 2087 1612 2137 huiusce
1634 2091 1769 2137 cerui·

233 2132 576 2200 erpentmmq’
595 2118 919 2192 “alternas-⁶)
965 2172 1029 2201 nae
1046 2157 1327 2220 proprietatis
1356 2158 1524 2202 mentio
1538 2156 1652 2220 apud
1665 2171 1768 2203 oin·

196 2217 271 2264 nes
295 2213 562 2262 naturalium
584 2232 734 2263 retum
755 2215 1013 2282 scriptores,
1041 2237 1174 2283 quam
1199 2225 1244 2267 δε
1264 2220 1467 2266 nonnulli
1492 2223 1636 2266 ceruis
1663 2236 1764 2266 cum

194 2278 449 2344 Elephantis
463 2295 749 2328 communem
763 2282 845 2330 elle
861 2288 1056 2334 tradunt.
1082 2285 1245 2333 Plinius
1261 2289 1396 2334 enim:
1416 2284 1765 2350 Elephantorum

197 2348 347 2395 anima
364 2343 578 2408 serpentes
593 2347 802 2403 extrahit,
820 2366 1053 2399 ceruorum
1065 2355 1175 2397 item
1190 2354 1293 2398 vrit.
1310 2354 1473 2398 Verum
1491 2356 1536 2397 in
1555 2349 1768 2415 assignan-

176 2413 257 2470 ,da
283 2413 450 2456 ratione
478 2428 563 2474 qua
585 2411 632 2458 id
659 2410 734 2458 fiat
759 2429 851 2460 non
869 2416 965 2463 satis
981 2421 1216 2464 conuenit.-
1240 2433 1341 2464 nam
1360 2416 1572 2464 Aelianus
1588 2417 1696 2462 liber
1712 2431 1758 2464 2.

198 2479 338 2540 capite
356 2493 398 2530 9.
428 2476 628 2525 Mirifice
646 2480 759 2538 (ait)
778 2482 973 2542 quodam
989 2499 1172 2528 munere
1182 2496 1345 2529 naturae
1359 2499 1512 2529 ceruus
1525 2481 1767 2545 serpentem

201 2539 402 2587 funditus
429 2545 565 2589 vincit
592 2578 602 2590 .
619 2559 699 2591 nec
711 2549 828 2589 enirn
857 2548 999 2612 ipsum
1017 2547 1182 2594 tametsi
1202 2548 1395 2594 hostisin
1421 2547 1628 2593 latebram
1643 2544 1767 2592 abdis

205 2620 273 2652 tus
289 2604 474 2670 effugere
486 2609 654 2670 potest,
681 2613 842 2656 etenim
869 2614 943 2661 ille
957 2613 1133 2661 natibus
1149 2612 1232 2660 suis
1250 2617 1294 2660 in
1311 2613 1515 2675 serpentis
1530 2627 1762 2659 cauernam

198 2671 464 2738 incumbens
491 2672 866 2727 vehement'iffime
888 2680 1094 2746 inspirat,
1126 2683 1170 2725 δέ
1198 2678 1348 2744 spiritu
1364 2685 1441 2724 luo
1464 2675 1582 2740 quasi
1596 2691 1765 2725 amato-

1386 2743 1429 2792 C
1499 2761 1526 2792 ι.
1690 2743 1764 2791 tiu
