2174 3100
595 66 1433 124 S.EP1PHAN11.
1745 92 1777 139 9

211 184 304 218 tura
319 203 331 222 ,
357 170 402 213 in
417 182 508 229 quo
523 169 709 228 peccatis
725 172 941 212 morimur
956 200 968 219 ‚
990 164 1248 211 criminibus
1274 162 1509 228 sepelimur
1521 195 1532 216 ‚
1564 165 1608 209 δι
1626 167 1783 210 vetetis

209 236 406 284 hominis
420 231 654 277 &scientia
673 232 855 277 resoluta
872 249 914 277 111
932 233 1109 276 alteram
1128 234 1400 276 natiuitatem
1422 230 1616 276 rediuiua
1635 231 1780 274 infan-

212 305 269 347 tia
281 314 532 362 reparamur
546 329 557 342 .
582 297 813 342 Fulnertus
831 293 1115 342 carnotensis
1132 299 1358 357 epiicopus
1373 309 1512 342 totam
1529 294 1782 360 allegoriam

213 372 376 428 (quam
398 378 551 407 omnes
580 364 716 409 Gtaeci
738 378 878 425 patres
895 396 907 414 ,
937 358 1152 424 praecipue
1167 377 1310 406 samen
1325 362 1597 424 origenesin
1620 360 1755 406 Paulo
1770 393 1785 414 ,

207 434 250 475 δε
274 429 446 475 ssaiilius
462 433 504 471 in
522 425 721 473 sermone
736 432 790 472 de
810 425 1068 490 Baptii‘mate
1086 425 1358 489 agnoscunt)
1392 423 1527 470 fufius
1553 428 1778 477 tracstauit,

205 499 249 541 in
269 493 444 556 epistola
460 492 514 537 ad
534 493 813 538 Adcodatum
829 526 839 538 .
870 496 1014 544 Sicut,
1036 495 1208 551 inquit,
1243 493 1469 536 Dominus
1494 490 1639 536 noster
1666 492 1784 536 Ieius

209 560 410 607 Christus
426 557 562 602 tribus
575 556 730 604 diebus
745 561 788 603 &
804 558 944 602 tribus
959 557 1165 602 nodhbus
1184 557 1471 620 corporaliter
1487 558 1565 602 iub
1586 571 1702 602 tertae
1724 554 1785 603 se·

205 623 393 689 pulchro
411 624 613 668 conditus
632 622 752 669 fuiss'e
766 621 1027 669 describitur
1047 627 1135 669 :ita
1151 622 1291 668 homo
1314 618 1391 667 sub
1407 637 1598 685 cognato
1613 636 1732 667 tertae
1746 637 1787 667 e.

206 692 398 736 lemento
415 693 526 733 «rina
547 688 864 735 vicedetnersus
882 693 1078 751 operitur
1093 719 1103 738 ,
1123 703 1174 733 ac
1191 687 1249 734 sic
1268 688 1406 733 vitalis
1424 688 1672 732 imitatione
1686 702 1780 746 my-

206 755 317 816 sterij
343 754 448 799 dum
466 753 746 816 demergitur,
764 753 983 816 sepelitur,
1003 754 1111 797 dum
1137 750 1351 806 educitur,
1369 752 1614 798 suscitatur.
1635 751 1784 797 viden·

204 819 286 865 dus
312 816 494 865 dochffi.
523 820 776 867 Ludouicus
805 814 1087 882 Legionensis
1112 818 1462 883 Augustinianus
1479 850 1491 864 .
1523 820 1569 863 in
1589 816 1707 864 libro
1729 815 1784 863 de

204 884 461 931 nominibus
483 885 590 930 Dei.

462 1135 724 1181 ΠΕΡΙ
809 1135 1023 1180 ΤΟΥ
1102 1134 1521 1182 ΟΥῚΡΟΎ.

786 1203 1051 1272 Κεφοίλοᾳον.
1130 1204 1196 1259 Ι“’.
