2174 3100
539 61 622 116 ·S.‘·
689 49 1043 115 EPIP'H
1086 69 1131 110 A
1179 56 1238 110 Ὃ
1275 56 1383 110 1-1.
1692 76 1754 118 τι

196 158 387 218 animal
403 159 493 212 illo
511 158 691 212 fortius
708 196 720 210 .
764 156 994 210 Pascitur
1010 175 1114 208 non
1132 155 1285 228 longe
1306 175 1366 207 at,
1386 155 1537 208 Oce-ar
1570 179 1613 205 <2
1639 176 1761 211 von-

192 235 345 293 ²'tinuo
364 255 483 288 vero
511 253 563 288 vt
580 233 740 294 bibit,
767 233 927 285 veluti
945 232 1112 284 ebrius
1128 231 1287 292 ludit,
1322 229 1618 303 cornibusq.
1649 248 1759 282 tau-

196 330 353 386 quam
381 312 471 364 bos
489 327 674 363 terram
692 310 847 379 petit.
902 308 983 360 Est
1008 324 1179 361 autern
1199 306 1306 359 ilhc
1330 305 1480 359 arbor
1497 307 1629 359 dicia
1662 307 1762 358 Ta-

191 388 409 455 lnuswiti
428 386 598 439 fimilis
620 388 670 437 &
689 382 803 436 alba
821 386 996 446 rami8‚
1014 401 1143 454 quos
1162 401 1277 435 cum
1297 401 1415 435 vrus
1449 384 1619 452 capite
1640 400 1759 433 con·

197 465 356 525 cutit,
379 479 538 513 cornu
561 461 779 514 vincitur
795 498 807 511 .
839 457 1060 510 Accedit
1075 461 1248 528 itaque
1265 475 1480 512 venator
1496 494 1511 516 ‚
1527 461 1578 510 δέ
1595 475 1756 511 cornu

197 538 465 610 alligatum
482 534 848 609 deprehendit,
866 534 1070 606 illumq.
1088 535 1362 605 opprimit.

529 676 777 731 INTE
817 673 1432 730 RPRETATIO.

194 773 401 966 TV
435 818 590 891 igitur
624 816 656 867 ὸ
685 813 960 888 spiritualis
990 814 1148 866 homo
1178 811 1440 866 considera
1475 832 1674 886 quanto
1717 833 1769 870 te

360 912 449 947 vro
479 891 856 965 generosiorem
876 888 1055 942 fecerit
1071 889 1234 942 Deus:
1252 889 1370 941 loco
1386 892 1523 941 enim
1542 891 1765 945 duorum

198 972 577 1026 cornuum‚duo
597 966 687 1018 tibi
706 967 845 1018 dedit
861 965 1157 1018 testamenta
1174 1001 1187 1022 ,
1216 982 1410 1016 nouum
1443 965 1685 1018 videlicet
1715 970 1768 1020 &

199 1060 345 1095 vetus
362 1081 377 1105 ,
396 1063 507 1115 quae
534 1061 724 1095 cornua
742 1040 854 1093 sunt
871 1056 1048 1093 contra
1064 1037 1333 1109 potestates
1352 1037 1584 1092 aduersas
1598 1079 1615 1104 ,
1635 1058 1686 1093 vt
1704 1060 1768 1094 ne

200 1132 252 1168 te
269 1120 645 1170 circumueniat
662 1115 924 1169 diabolus:
946 1116 1015 1167 ait
1030 1115 1170 1165 enirn
1189 1111 1450 1186 Propheta
1471 1133 1481 1160 =
1513 1115 1572 1168 In
1603 1133 1651 1169 te
1667 1118 1764 1171 ini-

200 1195 363 1246 micos
381 1192 573 1245 nostros
591 1191 951 1245 ventilabimus
969 1207 1129 1242 cornu
1146 1227 1158 1241 .

423 1338 758 1395 ALTERA
811 1334 1552 1393 INTERPRETATIO.

382 1464 595 1519 Ceanus
611 1466 815 1534 copiam
833 1463 1132 1516 diuitiarum
1149 1460 1432 1535 fignificat,
1453 1465 1630 1518 Tarius
1649 1481 1772 1520 vero

379 1544 490 1591 vitae
519 1538 835 1608 voluptatem
854 1572 870 1596 ,
898 1555 1000 1600 qua
1018 1537 1300 1606 implicitus
1321 1536 1479 1590 homo
1510 1537 1663 1593 fidem
1683 1536 1773 1599 ne}

206 1615 360 1688 gligit
375 1652 389 1665 .
407 1629 621 1667 venator
649 1616 806 1684 igitur
827 1610 926 1664 hoc
943 1611 1011 1665 est
1027 1610 1264 1664 diabolus
1281 1611 1429 1664 illum
1446 1616 1775 1687 aggreditur,

205 1706 362 1760 quem
396 1687 746 1761 voluptatibus
778 1688 1130 1760 mancipatum
1145 1721 1161 1747 ‚
1192 1684 1401 1761 fidemq.
1423 1689 1772 1764 negligentem

207 1765 480 1818 inueniens
495 1766 550 1816 in
564 1760 704 1817 suam
724 1763 1027 1835 potestatem
1049 1762 1240 1835 redigit
1255 1802 1267 1816 .

672 1995 737 2054 N
837 1993 898 2050 O
999 1957 1396 2049 ΤἈ1Ξ.”’

477 2158 577 2203 Vox
591 2156 648 2204 est
674 2155 840 2205 Gallica
861 2152 889 2199 fi
912 2151 1151 2200 Macrobio
1166 2151 1384 2200 credimus
1401 2173 1413 2209 3
1431 2148 1681 2214 syluestrem
1697 2149 1778 2198 bo-

208 2188 440 2260 vrus‘)
478 2238 579 2267 uem
597 2224 1165 2287 pleriqueinterptetantur,
1195 2218 1328 2280 aliqui
1346 2218 1562 2263 Bubalum
1585 2233 1772 2275 vocant3

213 2282 419 2329 nonnulli
433 2301 531 2331 cum
551 2286 718 2336 bisonre
734 2286 1014 2334 confundunt
1033 2304 1045 2333 ε
1065 2283 1137 2343 alij
1160 2283 1259 2330 illos
1272 2284 1352 2330 effe
1368 2282 1520 2328 volunt
1547 2299 1660 2344 qnos
1686 2282 1774 2328 thi-

211 2363 286 2413 znes
302 2365 353 2394 ex
365 2351 584 2413 Iphicrate
600 2369 726 2401 vocat
738 2354 891 2400 Strabo
908 2371 920 2409 3
937 2352 1073 2413 Apud
1089 2350 1323 2395 Albertum
1344 2352 1485 2393 Vrnus
1502 2348 1656 2411 legitur
1670 2381 1682 2393 .

213 2449 276 2505 ιη
294 2445 502 2506 modum
521 2446 695 2528 srm-
719 2449 758 2520 J
798 2422 1295 2531 Effizsssfii'ssszl‘sffibffii
1319 2414 1581 2526 &5333ss
1596 2413 1779 2539 {553ss

218 2547 406 2602 tudinis,
426 2550 471 2591 &
500 2566 549 2595 ex
566 2548 724 2612 quibus
743 2548 897 2612 pocula
923 2565 1017 2610 quae
1031 2548 1073 2591 in
1093 2550 1289 2592 maximo
1307 2550 1448 2609 pretio
1477 2541 1743 2589 suutconfici
1758 2575 1771 2595 ,

216 2612 371 2658 auctor
386 2613 444 2658 est
458 2613 599 2661 Caesar
615 2614 690 2660 lib,
701 2629 740 2662 6ι
758 2616 856 2661 belli
874 2612 1031 2659 Gallici
1052 2631 1062 2657 τ
1080 2612 1246 2659 Plinius
1262 2612 1315 2659 ad
1335 2612 1545 2676 plurimas
1559 2607 1663 2655 alias
1675 2608 1779 2655 deli-

220 2679 309 2724 cias
325 2677 522 2725 confetre
536 2678 709 2736 scribit,
728 2697 836 2740 quas
849 2686 952 2728 item
969 2693 1112 2727 narrat
1130 2711 1144 2726 .
1342 2745 1375 2788 Β
1682 2748 1727 2791 N

1448 2759 1471 2788 2
1730 2754 1780 2787 on
